
@misc{websockets,
	author = {Mozilla},
	title = "{WebSockets}",
	howpublished = "\url{https://developer.mozilla.org/en-US/docs/Web/API/WebSockets_API}",
	year = {2011}, 
	note = "[Online; diakses 7-Oktober-2017]"
}

@misc{socketio,
	author = {Guillermo Rauch},
	title = "{Socket.io}",
	howpublished = "\url{https://socket.io/}",
	year = {2011}, 
	note = "[Online; diakses 7-Oktober-2017]"
}


@misc{Nodejs,
	author = {Ryan Dahl},
	title = "{Node.js}",
	howpublished = "\url{https://nodejs.org/en/}",
	year = {2009}, 
	note = "[Online; diakses 7-Oktober-2017]"
}

%_____________________________________________________________________________
%=============================================================================